<record xmlns="http://www.loc.gov/MARC21/slim" xmlns:xsi="http://www.w3.org/2001/XMLSchema-instance" xsi:schemaLocation="http://www.loc.gov/MARC21/slim http://www.loc.gov/standards/marcxml/schema/MARC21slim.xsd"><leader>00515cz   2200133n  4500</leader><controlfield tag="001">oca06095796 </controlfield><controlfield tag="005">20030708142731.0</controlfield><controlfield tag="008">030708n| acannaabn          |a aaa      </controlfield><datafield ind1=" " ind2=" " tag="010"><subfield code="a">n 2003040810</subfield></datafield><datafield ind1=" " ind2=" " tag="040"><subfield code="a">DLC</subfield><subfield code="b">eng</subfield><subfield code="c">DLC</subfield></datafield><datafield ind1="1" ind2=" " tag="100"><subfield code="a">Suetonius Paulinus, Gaius</subfield></datafield><datafield ind1="1" ind2=" " tag="400"><subfield code="a">Paulinus, Gaius Suetonius</subfield></datafield><datafield ind1=" " ind2=" " tag="670"><subfield code="a">Shipway, George. Imperial governor, 2002:</subfield><subfield code="b">text (Gaius Suetonius Paulinus)</subfield></datafield><datafield ind1=" " ind2=" " tag="670"><subfield code="a">The Oxford classical dictionary, c2003, p. 1452 (Suetonius Paulinus, Gaius; appointed governor of Britain in 58 AD; recalled in 61)</subfield></datafield></record>